@inproceedings{10.1145/1250790.1250801,
  author = {Bj{\"o}rklund, Andreas and Husfeldt, Thore and Kaski, Petteri and
            Koivisto, Mikko},
  title = {Fourier Meets M{\"o}Bius: Fast Subset Convolution},
  year = {2007},
  isbn = {9781595936318},
  publisher = {Association for Computing Machinery},
  address = {New York, NY, USA},
  url = {https://doi.org/10.1145/1250790.1250801},
  doi = {10.1145/1250790.1250801},
  booktitle = {Proceedings of the Thirty-Ninth Annual ACM Symposium on Theory
               of Computing},
  pages = {67-74},
  numpages = {8},
  keywords = {convolution, M\"{o}bius transform, Steiner tree},
  location = {San Diego, California, USA},
  series = {STOC '07}
}
